% ------------------------------------------------------------------------
% ------------------------------------------------------------------------
% ------------------------------------------------------------------------
%     Definicion para elementos utilizados en seccion de Bibliografia
% ------------------------------------------------------------------------
% ------------------------------------------------------------------------
% ------------------------------------------------------------------------

% ------------------------------------------------------------------------
%                               Articulos
% ------------------------------------------------------------------------
@article{aguillon2012diseno,
  title={Diseño y fabricación de un vehículo autónomo impulsado por energía solar},
  author={Carreño, E. and Vacca, E. A. and Lugo, I.},
  journal={Tecnura},
  volume={16},
  number={32},
  pages={91--106},
  year={2012},
}

@article{arevalo2014diseno,
  title={Diseño e implementación de un prototipo de vehículo solar con almacenamiento de energía},
  author={Arévalo, J. P. and Ortíz, R. D. and Gama, E. N. and Ramos, O. L. and Duque, J.},
  journal={Revista científica},
  volume={18},
  number={1},
  pages={159--165},
  year={2014},
}

@article{masiero2016electric,
  title={Electric vehicles in {C}hina: {BYD} strategies and government subsidies},
  author={Masiero, G. and Ogasavara, M. H. and Conde, A. and Risso, M. L.},
  journal={RAI Revista de Administração e Inovação},
  volume={13},
  number={1},
  pages={3--11},
  year={2016},
  publisher={Elsevier},
}

@article{loisel2014large,
  title={Large-scale deployment of electric vehicles in {G}ermany by 2030: An analysis of grid-to-vehicle and vehicle-to-grid concepts},
  author={Loisel, R. and Pasaoglu, G. and Thiel, C.},
  journal={Energy Policy},
  volume={65},
  pages={432--443},
  year={2014},
  publisher={Elsevier},
}

@article{soltani2017analysis,
  title={Analysis of the electric vehicles adoption over the {U}nited {S}tates},
  author={Soltani-Sobh, A. and Heaslip, K. and Stevanovic, A. and Bosworth, R. and Radivojevic, D.},
  journal={Transportation Research Procedia},
  volume={22},
  pages={203--212},
  year={2017},
  publisher={Elsevier},
}

@article{quiros2019electric,
  title={Electric vehicles in {L}atin {A}merica: slowly but surely toward a clean transport},
  author={Quiros-Tortos, J. and Victor-Gallardo, L. and Ochoa, L.},
  journal={IEEE Electrification Magazine},
  volume={7},
  number={2},
  pages={22--32},
  year={2019},
  publisher={IEEE},
}

@article{mohd2014design,
  title={Design and testing of inertia dynamometer for prototype fuel cell electric vehicle},
  author={Mohd Fakharuzi, M.H.A and Syed Omar, S.M.H and Ward, Thomas Arthur and Sheng, Ow Chee and Hanapi, Suhadiyana and Sainan, Khairul Imran},
  journal={ARPN Journal of Engineering and Applied Sciences},
  volume={10},
  number={17},
  pages={7416--7422},
  year={2015},
}

% ------------------------------------------------------------------------
%                                 Libros
% ------------------------------------------------------------------------
@book{ehsani2018modern,
  author={Ehsani, Mehrdad and Gao, Yimin and Longo, Stefano and Ebrahimi, Kambiz},
  title={Modern Electric, Hybrid Electric, and Fuel Cell Vehicles},
  publisher={CRC press},
  edition={3},
  year={2018},
}

@book{cascajosa2005ingenieria,
  author={Cascajosa, Manuel},
  title={Ingeniería de Vehículos: Sistemas y Cálculos},
  publisher={Alfaomega Grupo Editor},
  year={2005},
  edition={2},
  address={México},
}

@book{rashid2001,
	title={Electrónica de potencia, circuitos, dispositivos y aplicaciones},
	author={Rashid, Mohammad H.},
	year={2001},
	volume={2},
	publisher={{P}rentice {H}all {I}nc.}
}

% ------------------------------------------------------------------------
%                            Trabajos de Grado
% ------------------------------------------------------------------------
@techreport{martin2016diseno,
    author =       {MARTÍN, C. and MOCHOLÍ, R.},
    title =        {Diseño y optimización del chasis de un vehículo eléctrico autónomo},
    institution =  {Universitat Politècnica de Catalunya. Departament d'Enginyeria de Projectes i de la Construcció},
    year =         {2016},
    type =         {Trabajo de grado ({E}nginyeria en {T}ecnologies {I}ndustrials)},
    address =      {Barcelona, España},
}

@techreport{aguirre2014diseno,
    author =       {AGUIRRE, P. S. and HIDALGO, D. S. and PANAMÁ, J. A. and PADILLA, J. D. and VEINTEMILLA, D. F.},
    title =        {Diseño de un vehículo eléctrico prototipo monoplaza para una persona parapléjica y construcción de su chasis},
    institution =  {Universidad Politécnica Salesiana},
    year =         {2014},
    type =         {Trabajo de grado ({I}ngeniero en {M}ecánica {A}utomotriz)},
    address =      {Cuenca, Ecuador},
}

@techreport{coronado2015diseno,
    author =       {CORONADO, E. R. and NAVARRETE, J. J. and OVALLE, A.},
    title =        {Diseño y construccion de un vehículo biplaza tipo {B}uggy para uso recreativo},
    institution =  {Universidad Industrial de Santander. Facultad de Ingenierías Físico-Mecánicas. Escuela de Ingeniería Mecánica},
    year =         {2015},
    type =         {Trabajo de grado ({I}ngeniero {M}ecánico)},
    address =      {Bucaramanga, Colombia},
}

@techreport{ardila2018ubicacion,
    author =       {ARDILA, B. A. and OCHOA, Y. J.},
    title =        {Ubicación óptima de una estacion de recarga pública para vehículos eléctricos en una red de distribución de energía eléctrica},
    institution =  {Universidad Industrial de Santander. Facultad de Ingenierías Físico-Mecánicas. Escuela de Ingenierías Eléctrica, Electrónica y de Telecomunicaciones},
    year =         {2018},
    type =         {Trabajo de grado ({I}ngeniero {E}lectricista)},
    address =      {Bucaramanga, Colombia},
}

@techreport{vagon2019,
	author =       {CUESTA, D. E. and CALLEJAS, N.},
	title =        {Diseño y montaje del sistema de tracción eléctrica de un vagón},
	institution =  {Universidad Industrial de Santander. Facultad de Ingenierías Físico-Mecánicas. Escuela de Ingenierías Eléctrica, Electrónica y de Telecomunicaciones},
	year =         {2019},
	type =         {Trabajo de grado ({I}ngeniero {E}lectrónico)},
	address =      {Bucaramanga, Colombia},
}

@techreport{castro2011diseno,
	author =       {CASTRO, D. A. and PEÑA, J. S.},
	title =        {Diseño y construcción de un prototipo experimental de vehículo eléctrico autobalanceado unipersonal VEAU},
	institution =  {Universidad Industrial de Santander. Facultad de Ingenierías Físico-Mecánicas. Escuela de Ingeniería Mecánica},
	year =         {2011},
	type =         {Trabajo de grado ({I}ngeniero {M}ecánico)},
	address =      {Bucaramanga, Colombia},
}

@techreport{amaya&rueda2019,
	author =       {AMAYA, J. F. and RUEDA, F. A.},
	title =        {Análisis y simulación de e-bikes empleando representación macroscópica energética: casos de estudio},
    institution =  {Universidad Industrial de Santander. Facultad de Ingenierías Físico-Mecánicas. Escuela de Ingenierías Eléctrica, Electrónica y de Telecomunicaciones},
	year =         {2019},
	type =         {Trabajo de grado ({I}ngeniero {E}lectricista)},
	address =      {Bucaramanga, Colombia},
}

@techreport{ramos&soto2013,
	author =       {RAMOS, A. R. and SOTO, F.},
	title =        {Propuesta del prototipo de un vehículo eléctrico sustentable},
    institution =  {Instituto Politécnico Nacional. Escuela Superior de Ingeniería Mecánica y Eléctrica},
	year =         {2013},
	type =         {Trabajo de grado ({I}ngeniero {E}lectricista)},
	address =      {Ciudad de México, México},
}

% ------------------------------------------------------------------------
%                               Conferencias
% ------------------------------------------------------------------------
@inproceedings{ariza2019educational,
    title =        {An educational experience with {PBL} in capstone projects: The case of {EOLO} a {C}olombian electric vehicle with sustainable energy systems},
    author =       {Ariza, Jonathan and Ramos, Heyson},
    booktitle =    {2019 IEEE Frontiers in Education Conference (FIE)},
    pages =        {1--9},
    year =         {2019},
}

% ------------------------------------------------------------------------
%                        Otros tipos de fuente
% ------------------------------------------------------------------------
@techreport{Gobierno_Colombia,
	title =        {Estrategia Nacional de Movilidad Eléctrica},
	institution =  {REPÚBLICA DE COLOMBIA, Ministerio de Ambiente y Desarrollo Sostenible; Ministerio de Minas y Energía; Ministerio de Transporte; Unidad de Planeación Minero Energética - UPME},
	year =         {2019},
	type =         {Memoria de trabajos de difusi{\'o}n cient{\'i}fica y t{\'e}cnica},
	address =      {Bogotá D.C},
}

@techreport{ley_Gobierno_Colombia,
    author =       {Gobierno de Colombia},
    title =        {Ley 1964 de junio 11 de 2019: Mediante la cual se promueve el uso de vehículos eléctricos en {C}olombia},
    year =         {2019},
    type =         {Ley de la República},
    number =       {1964},
    address =      {Bogotá D.C}
}

@techreport{siemens2014,
	institution = {Siemens AG},
	title  =      {{SINAMICS V20 INVERTER}: operating instructions},
	source =      {www.siemens.com},
	year   =      {2014},
	type   =      {Technical Reference Manual},
}

%----------------------------------------------------------------------------------------------------------------------
%----------------------------------------------------------------------------------------------------------------------
%----------------------------------------------------------------------------------------------------------------------
%----------------------------------------------------------------------------------------------------------------------
%----------------------------------------------------------------------------------------------------------------------
%----------------------------------------------------------------------------------------------------------------------
%----------------------------------------------------------------------------------------------------------------------
%----------------------------------------------------------------------------------------------------------------------
